@article{grimminger2020open,
	title={An open torque-controlled modular robot architecture for legged locomotion research},
	author={Grimminger, Felix and Meduri, Avadesh and Khadiv, Majid and Viereck, Julian and W{\"u}thrich, Manuel and Naveau, Maximilien and Berenz, Vincent and Heim, Steve and Widmaier, Felix and Flayols, Thomas and others},
	journal={IEEE Robotics and Automation Letters},
	volume={5},
	number={2},
	pages={3650--3657},
	year={2020},
	publisher={IEEE}
}

@misc{github_solo,
	author = {Open-Dynamic-Robot-Initiative},
	title = {Open robot actuator hardware},
	url = {https://github.com/open-dynamic-robot-initiative/open_robot_actuator_hardware}
}

% not cited in the text
@misc{github_locosim,
	author = {Michele Focchi},
	title = {locosim},
	url = {https://github.com/mfocchi/locosim}
}

@incollection{wieber2016modeling,
	title={Modeling and control of legged robots},
	author={Wieber, Pierre-Brice and Tedrake, Russ and Kuindersma, Scott},
	booktitle={Springer handbook of robotics},
	pages={1203--1234},
	year={2016},
	publisher={Springer}
}


@article{kane1969dynamical,
	title={A dynamical explanation of the falling cat phenomenon},
	author={Kane, TR and Scher, MP},
	journal={International journal of solids and structures},
	volume={5},
	number={7},
	pages={663--670},
	year={1969},
	publisher={Pergamon}
}

@inproceedings{kurtz2022mini,
  title={Mini cheetah, the falling cat: A case study in machine learning and trajectory optimization for robot acrobatics},
  author={Kurtz, Vince and Li, He and Wensing, Patrick M and Lin, Hai},
  booktitle={2022 International Conference on Robotics and Automation (ICRA)},
  pages={4635--4641},
  year={2022},
  organization={IEEE}
}


@inproceedings{hoffman2021exploiting,
	title={Exploiting visual servoing and centroidal momentum for whole-body motion control of humanoid robots in absence of contacts and gravity},
	author={Hoffman, Enrico Mingo and Paolillo, Antonio},
	booktitle={2021 IEEE International Conference on Robotics and Automation (ICRA)},
	pages={2979--2985},
	year={2021},
	organization={IEEE}
}

@article{chu2019null,
	title={Null-Space-Avoidance-Based Orientation Control Framework for Underactuated, Tail-Inspired Robotic Systems in Flight Phase},
	author={Chu, Xiangyu and Lo, Chun Ho David and Ma, Carlos and Au, Kwok Wai Samuel},
	journal={IEEE Robotics and Automation Letters},
	volume={4},
	number={4},
	pages={3916--3923},
	year={2019},
	publisher={IEEE}
}

@incollection{johnson2012tail,
	title={Tail assisted dynamic self righting},
	author={Johnson, Aaron M and Libby, Thomas and Chang-Siu, Evan and Tomizuka, Masayoshi and Full, Robert J and Koditschek, Daniel E},
	booktitle={Adaptive mobile robotics},
	pages={611--620},
	year={2012},
	publisher={World Scientific}
}

@inproceedings{wenger2016frontal,
	title={Frontal plane stabilization and hopping with a 2DOF tail},
	author={Wenger, Garrett and De, Avik and Koditschek, Daniel E},
	booktitle={2016 IEEE/RSJ International Conference on Intelligent Robots and Systems (IROS)},
	pages={567--573},
	year={2016},
	organization={IEEE}
}

@inproceedings{kolvenbach2019towards,
	title={Towards jumping locomotion for quadruped robots on the moon},
	author={Kolvenbach, Hendrik and Hampp, Elias and Barton, Patrick and Zenkl, Radek and Hutter, Marco},
	booktitle={2019 IEEE/RSJ International Conference on Intelligent Robots and Systems (IROS)},
	pages={5459--5466},
	year={2019},
	organization={IEEE}
}

@inproceedings{oland2009reaction,
	title={Reaction wheel design for cubesats},
	author={Oland, Espen and Schlanbusch, Rune},
	booktitle={2009 4th International Conference on Recent Advances in Space Technologies},
	pages={778--783},
	year={2009},
	organization={IEEE}
}

@article{Brown2016,
	author = {Travis L. Brown and James P. Schmiedeler},
	doi = {10.1109/TRO.2016.2593484},
	issn = {15523098},
	issue = {5},
	journal = {IEEE Transactions on Robotics},
	keywords = {Legged locomotion,mechanical systems,mobile robots,nonlinear control systems,trajectory optimization},
	pages = {1290-1297},
	publisher = {IEEE},
	title = {Reaction Wheel Actuation for Improving Planar Biped Walking Efficiency},
	volume = {32},
	year = {2016},
}


@inproceedings{brown1996single,
	title={A single-wheel, gyroscopically stabilized robot},
	author={Brown, H Benjamin and Xu, Yangsheng},
	booktitle={Proceedings of ieee international conference on robotics and automation},
	volume={4},
	pages={3658--3663},
	year={1996},
	organization={IEEE}
}

@article{yoon2002spacecraft,
	title={Spacecraft adaptive attitude and power tracking with variable speed control moment gyroscopes},
	author={Yoon, Hyungjoo and Tsiotras, Panagiotis},
	journal={Journal of Guidance, Control, and Dynamics},
	volume={25},
	number={6},
	pages={1081--1090},
	year={2002}
}

@inproceedings{mikhalkov2021gyrubot,
	title={Gyrubot: nonanthropomorphic stabilization for a biped},
	author={Mikhalkov, Nikita and Prutskiy, Alexey and Sechenev, Semyon and Kazakov, Dmitry and Simulin, Alexey and Sokolov, Dmitry and Ryadchikov, Igor},
	booktitle={2021 IEEE International Conference on Robotics and Automation (ICRA)},
	pages={4976--4982},
	year={2021},
	organization={IEEE}
}

@inproceedings{vasilopoulos2016quadruped,
	title={Quadruped pronking on compliant terrains using a reaction wheel},
	author={Vasilopoulos, Vasileios and Machairas, Konstantinos and Papadopoulos, Evangelos},
	booktitle={2016 IEEE International Conference on Robotics and Automation (ICRA)},
	pages={3590--3595},
	year={2016},
	organization={IEEE}
}

@inproceedings{xiong2020sequential,
	title={Sequential motion planning for bipedal somersault via flywheel slip and momentum transmission with task space control},
	author={Xiong, Xiaobin and Ames, Aaron D},
	booktitle={2020 IEEE/RSJ International Conference on Intelligent Robots and Systems (IROS)},
	pages={3510--3517},
	year={2020},
	organization={IEEE}
}

@inproceedings{machairas2015quadruped,
	title={On quadruped attitude dynamics and control using reaction wheels and tails},
	author={Machairas, Konstantinos and Papadopoulos, Evangelos},
	booktitle={2015 European Control Conference (ECC)},
	pages={753--758},
	year={2015},
	organization={IEEE}
}

@inproceedings{gajamohan2012cubli,
	title={The cubli: A cube that can jump up and balance},
	author={Gajamohan, Mohanarajah and Merz, Michael and Thommen, Igor and D'Andrea, Raffaello},
	booktitle={2012 IEEE/RSJ International Conference on Intelligent Robots and Systems},
	pages={3722--3727},
	year={2012},
	organization={IEEE}
}

@inproceedings{mastalli2020crocoddyl,
	title={Crocoddyl: An efficient and versatile framework for multi-contact optimal control},
	author={Mastalli, Carlos and Budhiraja, Rohan and Merkt, Wolfgang and Saurel, Guilhem and Hammoud, Bilal and Naveau, Maximilien and Carpentier, Justin and Righetti, Ludovic and Vijayakumar, Sethu and Mansard, Nicolas},
	booktitle={2020 IEEE International Conference on Robotics and Automation (ICRA)},
	pages={2536--2542},
	year={2020},
	organization={IEEE}
}

@inproceedings{carpentier2019pinocchio,
	title={The Pinocchio C++ library -- A fast and flexible implementation of rigid body dynamics algorithms and their analytical derivatives},
	author={Carpentier, Justin and Saurel, Guilhem and Buondonno, Gabriele and Mirabel, Joseph and Lamiraux, Florent and Stasse, Olivier and Mansard, Nicolas},
	booktitle={IEEE International Symposium on System Integrations (SII)},
	year={2019}
}


@article{jeon2021real,
	title={Real-time Optimal Landing Control of the MIT Mini Cheetah},
	author={Jeon, Se Hwan and Kim, Sangbae and Kim, Donghyun},
	journal={arXiv preprint arXiv:2110.02799},
	year={2021}
}


@inproceedings{barasuol2013reactive,
	title={A reactive controller framework for quadrupedal locomotion on challenging terrain},
	author={Barasuol, Victor and Buchli, Jonas and Semini, Claudio and Frigerio, Marco and De Pieri, Edson R and Caldwell, Darwin G},
	booktitle={2013 IEEE International Conference on Robotics and Automation},
	pages={2554--2561},
	year={2013},
	organization={IEEE}
}

@incollection{focchi2020heuristic,
	title={Heuristic planning for rough terrain locomotion in presence of external disturbances and variable perception quality},
	author={Focchi, Michele and Orsolino, Romeo and Camurri, Marco and Barasuol, Victor and Mastalli, Carlos and Caldwell, Darwin G and Semini, Claudio},
	booktitle={Advances in Robotics Research: From Lab to Market},
	pages={165--209},
	year={2020},
	publisher={Springer}
}

@article{an2022design,
	title={Design and Experimental Validation of a Monopod Robot With 3-DoF Morphable Inertial Tail for Somersault},
	author={An, Jiajun and Ma, Xin and Lo, Chun Ho David and Ng, Weeshen and Chu, Xiangyu and Au, Kwok Wai Samuel},
	journal={IEEE/ASME Transactions on Mechatronics},
	year={2022},
	publisher={IEEE}
}

@inproceedings{an2020development,
	title={Development of a bipedal hopping robot with morphable inertial tail for agile locomotion},
	author={An, Jiajun and Chung, TY and Lo, Chun Ho David and Ma, Carlos and Chu, Xiangyu and Au, KW Samuel},
	booktitle={2020 8th IEEE RAS/EMBS International Conference for Biomedical Robotics and Biomechatronics (BioRob)},
	pages={132--139},
	year={2020},
	organization={IEEE}
}


@article{tang2022towards,
	title={Towards Safe Landing of Falling Quadruped Robots Using a 3-DoF Morphable Inertial Tail},
	author={Tang, Yunxi and An, Jiajun and Chu, Xiangyu and Wang, Shengzhi and Wong, Ching Yan and Au, KW},
	journal={arXiv preprint arXiv:2209.15337},
	year={2022}
}

@inproceedings{quigley2009ros,
	title={ROS: an open-source Robot Operating System},
	author={Quigley, Morgan and Conley, Ken and Gerkey, Brian and Faust, Josh and Foote, Tully and Leibs, Jeremy and Wheeler, Rob and Ng, Andrew Y and others},
	booktitle={ICRA workshop on open source software},
	number={3.2},
	pages={5},
	year={2009},
	organization={Kobe, Japan}
}

@inproceedings{koenig2004design,
	title={Design and use paradigms for gazebo, an open-source multi-robot simulator},
	author={Koenig, Nathan and Howard, Andrew},
	booktitle={2004 IEEE/RSJ International Conference on Intelligent Robots and Systems (IROS)(IEEE Cat. No. 04CH37566)},
	volume={3},
	pages={2149--2154},
	year={2004},
	organization={IEEE}
}